<?xml version="1.0" encoding="UTF-8"?><collection xmlns="http://www.loc.gov/MARC21/slim"><record><leader>00509nam--2200169-i-4500</leader><controlfield tag="001">000023293</controlfield><controlfield tag="002">20161230</controlfield><controlfield tag="005">20170129010154</controlfield><controlfield tag="008">060222s1000------------r-----000-0-eng-d</controlfield><datafield ind1=" " ind2=" " tag="100"><subfield code="a">Halkias, Christos C</subfield></datafield><datafield ind1=" " ind2=" " tag="245"><subfield code="a">Integrated electronics: analog and digital circuits and systems</subfield></datafield><datafield ind1=" " ind2=" " tag="260"><subfield code="a">New York</subfield><subfield code="b">Mcgraw-Hill Book Co</subfield><subfield code="c">1972</subfield></datafield><datafield ind1=" " ind2=" " tag="300"><subfield code="a">XIX + 911 p</subfield></datafield><datafield ind1=" " ind2=" " tag="490"><subfield code="a">Mcgraw-Hill Electrical And Electronic Engineering Series</subfield></datafield><datafield ind1=" " ind2=" " tag="700"><subfield code="a">Millman, Jacob</subfield></datafield><datafield ind1=" " ind2=" " tag="852"><subfield code="a">38457</subfield></datafield><datafield ind1=" " ind2=" " tag="CAT"><subfield code="a">SYS</subfield><subfield code="c">20170129</subfield><subfield code="h">010154</subfield></datafield></record></collection>